% Encoding: UTF-8@Misc{wiki:bootstrap,  title        = {Bootstrap (фреймворк)},  howpublished = {[Электронный ресурс]},  note         = {Режим доступа: https://goo.gl/RwiE7e},}@Misc{wiki:css,  title        = {CSS},  howpublished = {[Электронный ресурс]},  note         = {Режим доступа: https://goo.gl/WZ5Nup},}@Misc{wiki:HTML,  title        = {HTML},  howpublished = {[Электронный ресурс]},  note         = {Режим доступа: https://goo.gl/TACicX},}